@misc{RDF11,
	added-at = {2019-11-21T21:25:14.000+0100},
	author = {Wood, David and Lanthaler, Markus and Cyganiak, Richard},
	interhash = {74d5be6a64c6c678ec2cb11fda0230e1},
	intrahash = {dc29f2597cb73635450327bdf15ce611},
	keywords = {RDF, Standards},
	note = {http://www.w3.org/TR/2014/REC-rdf11-concepts-20140225/},
	owner = {David},
	timestamp = {2019-11-21T21:25:14.000+0100},
	title = {{RDF 1.1 Concepts and Abstract Syntax}},
	url = {https://www.w3.org/TR/2014/REC-rdf11-concepts-20140225/},
	year = 2014
}

@book{LeeWeavingTheWeb,
	author = {Berners-Lee, Tim and Fischetti, Mark and Dertouzos, Michael L.},
	title = {Weaving the Web: The Original Design and Ultimate Destiny of the World Wide Web by Its Inventor},
	year = {1999},
	isbn = {0062515861},
	publisher = {Harper San Francisco},
	edition = {1st},
}

@misc{rdfonline,
	title = {{World Wide Web Consortium. RDF Current Status - W3C}},
	howpublished = "\url{https://www.w3.org/TR/?tag=data/}",
	note = "(visited: 07-Sep-2020)",
}


@book{Brass:2008:ADS:1434862,
	author = {Brass, Peter},
	title = {Advanced Data Structures},
	year = {2008},
	isbn = {0521880378, 9780521880374},
	edition = {1},
	publisher = {Cambridge University Press},
	address = {New York, NY, USA},
} 

@book{Hitzler,
	author = {Hitzler, Pascal and Krtzsch, Markus and Rudolph, Sebastian},
	title = {Foundations of Semantic Web Technologies},
	year = {2009},
	isbn = {142009050X, 9781420090505},
	edition = {1st},
	publisher = {Chapman \& Hall/CRC},
}

@inproceedings{LOD,
	author = {Auer, S\"{o}ren and Lehmann, Jens and Ngonga Ngomo, Axel-Cyrille and Zaveri, Amrapali},
	title = {Introduction to Linked Data and Its Lifecycle on the Web},
	booktitle = {Proceedings of the 9th International Conference on Reasoning Web: Semantic Technologies for Intelligent Data Access},
	series = {RW'13},
	year = {2013},
	isbn = {978-3-642-39783-7},
	location = {Mannheim, Germany},
	pages = {1--90},
	numpages = {90},
	url = {https://doi.org/10.1007/978-3-642-39784-4_1},
	doi = {10.1007/978-3-642-39784-4_1},
	acmid = {2529646},
	publisher = {Springer-Verlag},
	address = {Berlin, Heidelberg},
} 

@InProceedings{tentris2020,
	author    = {Bigerl, Alexander and Conrads, Felix and Behning, Charlotte and Sherif, Mohamed and Saleem, Muhammad and Ngonga Ngomo, Axel-Cyrille},
	booktitle = {International Semantic Web Conference},
	title     = {{T}entris â€“ {A} {T}ensor-{B}ased {T}riple {S}tore},
	year      = {2020},
}

@inproceedings{Leis:2013:ART:2510649.2511193,
	author = {Leis, Viktor and Kemper, Alfons and Neumann, Thomas},
	title = {The Adaptive Radix Tree: ARTful Indexing for Main-memory Databases},
	booktitle = {Proceedings of the 2013 IEEE International Conference on Data Engineering (ICDE 2013)},
	series = {ICDE '13},
	year = {2013},
	isbn = {978-1-4673-4909-3},
	pages = {38--49},
	numpages = {12},
	url = {http://dx.doi.org/10.1109/ICDE.2013.6544812},
	doi = {10.1109/ICDE.2013.6544812},
	acmid = {2511193},
	publisher = {IEEE Computer Society},
	address = {Washington, DC, USA},
} 

@article{PATRICIA,
	author = {Morrison, Donald R.},
	title = {PATRICIA\&Mdash;Practical Algorithm To Retrieve Information Coded in Alphanumeric},
	journal = {J. ACM},
	issue_date = {Oct. 1968},
	volume = {15},
	number = {4},
	month = oct,
	year = {1968},
	issn = {0004-5411},
	pages = {514--534},
	numpages = {21},
	url = {http://doi.acm.org/10.1145/321479.321481},
	doi = {10.1145/321479.321481},
	acmid = {321481},
	publisher = {ACM},
	address = {New York, NY, USA},
}

@article{Guo:2005:LBO:1741305.1741322,
	author = {Guo, Yuanbo and Pan, Zhengxiang and Heflin, Jeff},
	title = {LUBM: A Benchmark for OWL Knowledge Base Systems},
	journal = {Web Semant.},
	issue_date = {October, 2005},
	volume = {3},
	number = {2-3},
	month = oct,
	year = {2005},
	issn = {1570-8268},
	pages = {158--182},
	numpages = {25},
	url = {http://dx.doi.org/10.1016/j.websem.2005.06.005},
	doi = {10.1016/j.websem.2005.06.005},
	acmid = {1741322},
	publisher = {Elsevier Science Publishers B. V.},
	address = {Amsterdam, The Netherlands, The Netherlands},
	keywords = {Evaluation, Knowledge base system, Lehigh University Benchmark, Semantic Web},
} 

@inproceedings{iguana2017,
	added-at = {2019-10-04T17:11:38.000+0200},
	author = {Conrads, Felix and Lehmann, Jens and Saleem, Muhammad and Morsey, Mohamed and and Axel-Cyrille {Ngonga Ngomo}},
	bdsk-url-1 = {https://svn.aksw.org/papers/2017/ISWC_Iguana/public.pdf},
	biburl = {https://www.bibsonomy.org/bibtex/2ce7ad6992a774250addf110553fde64a/aksw},
	booktitle = {International Semantic Web Conference (ISWC)},
	interhash = {c639fbec7d6069b3d7ab82ddb75dcc28},
	intrahash = {ce7ad6992a774250addf110553fde64a},
	keywords = {group_aksw jens-lehmann lehmann mole ngonga saleem simba},
	timestamp = {2019-10-04T17:11:38.000+0200},
	title = {{IGUANA}: A Generic Framework for Benchmarking the Read-Write Performance of Triple Stores},
	url = {https://svn.aksw.org/papers/2017/ISWC_Iguana/public.pdf},
	year = 2017
}


@inproceedings{DBPSB,
	author = {Morsey, Mohamed and Lehmann, Jens and Auer, S\"{o}ren and Ngomo, Axel-Cyrille Ngonga},
	title = {DBpedia SPARQL Benchmark: Performance Assessment with Real Queries on Real Data},
	booktitle = {Proceedings of the 10th International Conference on The Semantic Web - Volume Part I},
	series = {ISWC'11},
	year = {2011},
	isbn = {978-3-642-25072-9},
	location = {Bonn, Germany},
	pages = {454--469},
	numpages = {16},
	url = {http://dl.acm.org/citation.cfm?id=2063016.2063046},
	acmid = {2063046},
	publisher = {Springer-Verlag},
	address = {Berlin, Heidelberg},
} 

@inproceedings{conrads-2017-iguana-demo,
	added-at = {2019-10-04T17:11:39.000+0200},
	author = {Conrads, Felix and Lehmann, Jens and Saleem, Muhammad and Ngomo, Axel-Cyrille Ngonga},
	biburl = {https://www.bibsonomy.org/bibtex/28b70350e9bacc3ea4e792ee5f7192057/aksw},
	booktitle = {Proceedings of 16th International Semantic Web Conference - Poster \& Demos},
	interhash = {c2033f81289fdcb2a676c3891677d2ea},
	intrahash = {8b70350e9bacc3ea4e792ee5f7192057},
	keywords = {2017 group_aksw lehmann mole ngonga projecthobbit},
	timestamp = {2019-10-04T17:11:39.000+0200},
	title = {Benchmarking RDF Storage Solutions with IGUANA},
	url = {https://svn.aksw.org/papers/2017/ISWC_IGUANA_Demo/public.pdf},
	year = 2017
}
